@misc{dobles_sarmiento_satterthwaite_2017,
  title     = {Machine Learning Methods for Climbing Route Classification},
  url       = {http://cs229.stanford.edu/proj2017/final-reports/5232206.pdf},
  journal   = {Stanford},
  publisher = {Stanford},
  author    = {Dobles, Alejandro and Sarmiento, Juan  Carlos and Satterthwaite, Peter},
  year      = {2017}
} 
 
@article{DBLP:journals/corr/abs-2102-01788,
  author     = {Yi{-}Shiou Duh and
                Ray Chang},
  title      = {Recurrent Neural Network for MoonBoard Climbing Route Classification
                and Generation},
  journal    = {CoRR},
  volume     = {abs/2102.01788},
  year       = {2021},
  url        = {https://arxiv.org/abs/2102.01788},
  eprinttype = {arXiv},
  eprint     = {2102.01788},
  timestamp  = {Tue, 09 Feb 2021 13:35:56 +0100},
  biburl     = {https://dblp.org/rec/journals/corr/abs-2102-01788.bib},
  bibsource  = {dblp computer science bibliography, https://dblp.org}
}

@misc{tai_wu_hinojosa_2020,
  title     = {Graph Neural Networks in Classifying Rock Climbing Difficulties},
  url       = {http://cs230.stanford.edu/projects_winter_2020/reports/32175834.pdf},
  journal   = {Stanford},
  publisher = {Stanford},
  author    = {Tai, Cheng-Hao and Wu, Aaron and Hinojosa, Rafael},
  year      = {2020}
} 

@misc{kempen,
  title     = {A fair grade: assessing difficulty of climbing routes through machine learning},
  url       = {http://fmt.ewi.utwente.nl/media/30-TScIT_paper_46.pdf},
  journal   = {University of Twente},
  publisher = {University of Twente},
  author    = { Kempen, Lindsay}
} 

@misc{scarff2020estimation,
  title         = {Estimation of Climbing Route Difficulty using Whole-History Rating},
  author        = {Dean Scarff},
  year          = {2020},
  eprint        = {2001.05388},
  archiveprefix = {arXiv},
  primaryclass  = {stat.AP}
}
