@misc{https://blog.usablenet.com/business-case-for-web-accessibility-in-2020,
}

@misc{http://cdn2.hubspot.net/hubfs/153358/Nucleus-The%20Internet%20is%20unavailable.pdfs,
}

@misc{
  https://www.who.int/news-room/fact-sheets/detail/blindness-and-visual-impairment
}
